@misc{WEBSITE:1,
  title = {Invasive Species: How They Affect the Environment},
  howpublished = {\url{https://www.environmentalscience.org/invasive-species}},
  note = {Accessed: 2018-01-03}
}

@misc{WEBSITE:2,
  title = {Hot Topic: Hemlock Woolly Adelgid},
  howpublished = {\url{http://ky-caps.ca.uky.edu/hemlock-woolly-adelgid}},
  note = {Accessed: 2018-01-03}
}

@misc{WEBSITE:3,
  title = {Argentina and Chile Decide Not to Leave It to Beavers},
  howpublished = {\url{https://www.scientificamerican.com/article/argentina-and-chile-decide-not-to-leave-it-to-beavers/}},
  note = {Accessed: 2018-01-03}
}

@INBOOK{BOOK:1,
    AUTHOR="Luís Silva and Elizabeth Ojeda Land and Juan Luis Rodríguez Luengo and Paulo Borges and Paulo Oliveira and Roberto Jardim",
    TITLE=" Invasive Terrestrial Flora \& Fauna of Macaronesia. TOP 100 in Azores, Madeira and Canaries",
    PUBLISHER="ARENA",
    YEAR="2008",
    PAGES="161",
}

@misc{WEBSITE:4,
  title = {Invasive Species Monitoring using Machine Learning},
  howpublished = {\url{https://towardsdatascience.com/invasive-species-monitoring-using-machine-learning-9a7b29d565f/}},
  note = {Accessed: 2018-01-03}
}

@ARTICLE{ARTICLE:1,
    AUTHOR="Christy Dennison and Charles Hale",
    TITLE="Invasive Species Detection",
    YEAR="2017",
}

@ARTICLE{ARTICLE:2,
    AUTHOR="Kaiming He and Xiangyu Zhang and Shaoqing Ren and Jian Sun",
    TITLE="Deep Residual Learning for Image Recognition",
    YEAR="2015",
}

@ARTICLE{ARTICLE:3,
    AUTHOR="Karen Simonyan and Andrew Zisserman",
    TITLE="VERY DEEP CONVOLUTIONAL NETWORKS FOR LARGE-SCALE IMAGE RECOGNITION",
    YEAR="2015",
}

@ARTICLE{ARTICLE:4,
    AUTHOR="Elliott Jobson and Andres Hernandez",
    TITLE="Visual Classifier for Invasive Plant Speciess",
    YEAR="2017",
}

@misc{WEBSITE:5,
  title = {Zebra Mussels Overwhelm U.S. Waterways in the Great Lakes Region and Beyond},
  howpublished = {\url{https://www.copper.org/about/pressreleases/2009/pr2009_July_30.html/}},
  note = {Accessed: 2018-01-03}
}

@book{BOOK:2,
    title={Deep Learning},
    author={Ian Goodfellow and Yoshua Bengio and Aaron Courville},
    publisher={MIT Press},
    note={\url{http://www.deeplearningbook.org}},
    year={2016}
}

@misc{WEBSITE:6,
  title = {Invasive Species Monitoring},
  howpublished = {\url{https://www.kaggle.com/c/invasive-species-monitoring}},
  note = {Accessed: 2018-01-04}
}